
@inproceedings{nakhost2009monte,
    title={Monte-Carlo Exploration for Deterministic Planning.},
    author={Nakhost, Hootan and M{\"u}ller, Martin},
    booktitle={IJCAI},
    volume={9},
    pages={1766--1771},
    year={2009}
}

@inproceedings{de2009bandit,
    title={Bandit-based optimization on graphs with application to library performance tuning},
    author={De Mesmay, Fr{\'e}d{\'e}ric and Rimmel, Arpad and Voronenko, Yevgen and P{\"u}schel, Markus},
    booktitle={Proceedings of the 26th Annual International Conference on Machine Learning},
    pages={729--736},
    year={2009},
    organization={ACM}
}

@phdthesis{ewals2012playing,
    title={Playing and solving Havannah},
    author={Ewals, Timo},
    year={2012},
    school={University of Alberta}
}

@article{arneson2009mohex,
    title={Mohex wins hex tournament},
    author={Arneson, Broderick and Hayward, Ryan and Henderson, Philip},
    journal={ICGA journal},
    volume={32},
    number={2},
    pages={114},
    year={2009}
}

@article{pepels2014real,
    title={Real-time monte carlo tree search in ms pac-man},
    author={Pepels, Tom and Winands, Mark HM and Lanctot, Marc},
    journal={IEEE Transactions on Computational Intelligence and AI in games},
    volume={6},
    number={3},
    pages={245--257},
    year={2014},
    publisher={IEEE}
}

@article{rubin2011computer,
    title={Computer poker: A review},
    author={Rubin, Jonathan and Watson, Ian},
    journal={Artificial intelligence},
    volume={175},
    number={5-6},
    pages={958--987},
    year={2011},
    publisher={Elsevier}
}

@inproceedings{ward2009monte,
    title={Monte Carlo search applied to card selection in Magic: The Gathering},
    author={Ward, Colin D and Cowling, Peter I},
    booktitle={Computational Intelligence and Games, 2009. CIG 2009. IEEE Symposium on},
    pages={9--16},
    year={2009},
    organization={IEEE}
}

@article{pinheiro2017geometric,
    title={Geometric graph matching using monte carlo tree search},
    author={Pinheiro, Miguel Am{\'a}vel and Kybic, Jan and Fua, Pascal},
    journal={IEEE transactions on pattern analysis and machine intelligence},
    volume={39},
    number={11},
    pages={2171--2185},
    year={2017},
    publisher={IEEE}
}

@inproceedings{gelly2007combining,
      title={Combining online and offline knowledge in UCT},
        author={Gelly, Sylvain and Silver, David},
          booktitle={Proceedings of the 24th international conference on Machine learning},
            pages={273--280},
              year={2007},
                organization={ACM}
}

@inproceedings{chaslot2009adding,
      title={Adding expert knowledge and exploration in Monte-Carlo Tree Search},
        author={Chaslot, Guillaume and Fiter, Christophe and Hoock, Jean-Baptiste and Rimmel, Arpad and Teytaud, Olivier},
          booktitle={Advances in Computer Games},
            pages={1--13},
              year={2009},
                organization={Springer}
}

@article{silver2016mastering,
    title={Mastering the game of Go with deep neural networks and tree search},
    author={Silver, David and Huang, Aja and Maddison, Chris J and Guez, Arthur and Sifre, Laurent and Van Den Driessche, George and Schrittwieser, Julian and Antonoglou, Ioannis and Panneershelvam, Veda and Lanctot, Marc and others},
    journal={nature},
    volume={529},
    number={7587},
    pages={484},
    year={2016},
    publisher={Nature Publishing Group}
}

@inproceedings{chaslot2008monte,
    title={Monte-Carlo Tree Search: A New Framework for Game AI.},
    author={Chaslot, Guillaume and Bakkes, Sander and Szita, Istvan and Spronck, Pieter},
    booktitle={AIIDE},
    year={2008}
}

@article{lai1985asymptotically,
    title={Asymptotically efficient adaptive allocation rules},
    author={Lai, Tze Leung and Robbins, Herbert},
    journal={Advances in applied mathematics},
    volume={6},
    number={1},
    pages={4--22},
    year={1985},
    publisher={Academic Press}
}

@article{auer2002finite,
    title={Finite-time analysis of the multiarmed bandit problem},
    author={Auer, Peter and Cesa-Bianchi, Nicolo and Fischer, Paul},
    journal={Machine learning},
    volume={47},
    number={2-3},
    pages={235--256},
    year={2002},
    publisher={Springer}
}

@inproceedings{kocsis2006bandit,
    title={Bandit based monte-carlo planning},
    author={Kocsis, Levente and Szepesv{\'a}ri, Csaba},
    booktitle={European conference on machine learning},
    pages={282--293},
    year={2006},
    organization={Springer}
}

@article{lee2009computational,
    title={The computational intelligence of MoGo revealed in Taiwan's computer Go tournaments},
    author={Lee, Chang-Shing and Wang, Mei-Hui and Chaslot, Guillaume and Hoock, Jean-Baptiste and Rimmel, Arpad and Teytaud, Olivier and Tsai, Shang-Rong and Hsu, Shun-Chin and Hong, Tzung-Pei},
    journal={IEEE Transactions on Computational Intelligence and AI in games},
    volume={1},
    number={1},
    pages={73--89},
    year={2009},
    publisher={IEEE}
}
